<record><leader>00000cas a2200000 i 4500</leader><controlfield tag="001">664615167</controlfield><controlfield tag="006">swr neo     0    0</controlfield><controlfield tag="007">cr |n|||||||||</controlfield><controlfield tag="008">100508d188u188uazuwr neo     0    0eng c</controlfield><datafield ind1=" " ind2=" " tag="010"><subfield code="a">  2016238223</subfield></datafield><datafield ind1=" " ind2=" " tag="040"><subfield code="a">HTM</subfield><subfield code="b">eng</subfield><subfield code="e">rda</subfield><subfield code="c">HTM</subfield><subfield code="d">OCLCQ</subfield><subfield code="d">IUL</subfield><subfield code="d">OCLCQ</subfield></datafield><datafield ind1=" " ind2=" " tag="019"><subfield code="a">496163413</subfield></datafield><datafield ind1=" " ind2=" " tag="042"><subfield code="a">pcc</subfield></datafield><datafield ind1=" " ind2=" " tag="043"><subfield code="a">n-us-az</subfield></datafield><datafield ind1="0" ind2=" " tag="130"><subfield code="a">Ferrocarril (Tucson, Ariz.)</subfield></datafield><datafield ind1="1" ind2="3" tag="245"><subfield code="a">El ferrocarril.</subfield></datafield><datafield ind1=" " ind2=" " tag="260"><subfield code="a">Tucson :</subfield><subfield code="b">[publisher not identified]</subfield></datafield><datafield ind1=" " ind2=" " tag="310"><subfield code="a">Weekly</subfield></datafield><datafield ind1=" " ind2=" " tag="336"><subfield code="a">text</subfield><subfield code="b">txt</subfield><subfield code="2">rdacontent</subfield></datafield><datafield ind1=" " ind2=" " tag="337"><subfield code="a">computer</subfield><subfield code="b">c</subfield><subfield code="2">rdamedia</subfield></datafield><datafield ind1=" " ind2=" " tag="338"><subfield code="a">online resource</subfield><subfield code="b">cr</subfield><subfield code="2">rdacarrier</subfield></datafield><datafield ind1="1" ind2=" " tag="362"><subfield code="a">Began in 1880s.</subfield></datafield><datafield ind1=" " ind2=" " tag="588"><subfield code="a">Description based on: Tomo primero num 9 (mayo 17 de 1885); title from masthead, Readex PDF (Hispanic American Newspapers, viewed June 9, 2016).</subfield></datafield><datafield ind1="2" ind2="0" tag="610"><subfield code="a">Calabazas, Tucson and Northwestern Railroad Company</subfield><subfield code="v">Newspapers.</subfield></datafield><datafield ind1=" " ind2="0" tag="650"><subfield code="a">Railroads</subfield><subfield code="z">Arizona</subfield><subfield code="v">Newspapers.</subfield></datafield><datafield ind1=" " ind2="0" tag="651"><subfield code="a">Tucson (Ariz.)</subfield><subfield code="v">Newspapers.</subfield></datafield><datafield ind1=" " ind2="0" tag="651"><subfield code="a">Pima County (Ariz.)</subfield><subfield code="v">Newspapers.</subfield></datafield><datafield ind1=" " ind2="4" tag="650"><subfield code="a">Electronic journals.</subfield></datafield><datafield ind1="2" ind2=" " tag="710"><subfield code="a">Hispanic American Newspapers (1808-1980)</subfield></datafield><datafield ind1=" " ind2=" " tag="752"><subfield code="a">United States</subfield><subfield code="b">Arizona</subfield><subfield code="c">Pima</subfield><subfield code="d">Tucson.</subfield></datafield><datafield ind1="4" ind2="0" tag="856"><subfield code="u">http://infoweb.newsbank.com/?db=EANX&amp;s_browseRef=decades/11F351B064D1A75E/all.xml</subfield></datafield></record>